@book{樊昌信2008通信原理,
  title={通信原理:精简本.第6版},
  author={樊昌信 and 曹丽娜},
  publisher={国防工业出版社},
  year={2008},
}
